<?xml version="1.0" encoding="UTF-8"?>
<marc:collection xmlns:marc="http://www.loc.gov/MARC21/slim" xmlns:xsi="http://www.w3.org/2001/XMLSchema-instance" xsi:schemaLocation="http://www.loc.gov/MARC21/slim http://www.loc.gov/standards/marcxml/schema/MARC21slim.xsd">
   <marc:record type="Bibliographic">
      <marc:leader>02070cam a2200397 a 4500</marc:leader>
      <marc:controlfield tag="001">1150185</marc:controlfield>
      <marc:controlfield tag="003">NjP</marc:controlfield>
      <marc:controlfield tag="005">20121126155009.0</marc:controlfield>
      <marc:controlfield tag="008">970618q19001909mr            000 0 ara d</marc:controlfield>
      <marc:datafield tag="024" ind1="7" ind2=" ">
         <marc:subfield code="a">princeton_aco001100</marc:subfield>
         <marc:subfield code="2">local</marc:subfield>
      </marc:datafield>
      <marc:datafield tag="035" ind1=" " ind2=" ">
         <marc:subfield code="a">(OCoLC)ocn176726628</marc:subfield>
      </marc:datafield>
      <marc:datafield tag="035" ind1=" " ind2=" ">
         <marc:subfield code="a">(OCoLC)37243109</marc:subfield>
      </marc:datafield>
      <marc:datafield tag="040" ind1=" " ind2=" ">
         <marc:subfield code="a">NjP</marc:subfield>
         <marc:subfield code="c">PUL</marc:subfield>
         <marc:subfield code="d">PUL</marc:subfield>
      </marc:datafield>
      <marc:datafield tag="035" ind1=" " ind2=" ">
         <marc:subfield code="a">(OCoLC)176726628</marc:subfield>
      </marc:datafield>
      <marc:datafield tag="035" ind1=" " ind2=" ">
         <marc:subfield code="a">(CStRLIN)NJPG97-B34486</marc:subfield>
      </marc:datafield>
      <marc:datafield tag="035" ind1=" " ind2=" ">
         <marc:subfield code="9">CCP9317TS</marc:subfield>
      </marc:datafield>
      <marc:datafield tag="035" ind1=" " ind2=" ">
         <marc:subfield code="a">(NjP)1150185</marc:subfield>
      </marc:datafield>
      <marc:datafield tag="079" ind1=" " ind2=" ">
         <marc:subfield code="a">ocm37243109</marc:subfield>
      </marc:datafield>
      <marc:datafield tag="049" ind1=" " ind2=" ">
         <marc:subfield code="a">PULL</marc:subfield>
      </marc:datafield>
      <marc:datafield tag="100" ind1="1" ind2=" ">
         <marc:subfield code="6">880-01</marc:subfield>
         <marc:subfield code="a">Maqqarī, Aḥmad ibn Muḥammad,</marc:subfield>
         <marc:subfield code="d">d. 1631 or 2.</marc:subfield>
      </marc:datafield>
      <marc:datafield tag="240" ind1="1" ind2="0">
         <marc:subfield code="6">880-02</marc:subfield>
         <marc:subfield code="a">Iḍāʼat al-dujunnah fī iʻtiqād Ahl al-Sunnah</marc:subfield>
      </marc:datafield>
      <marc:datafield tag="245" ind1="1" ind2="0">
         <marc:subfield code="6">880-03</marc:subfield>
         <marc:subfield code="a">Matn Iḍāʼat al-dujunnah fī iʻtiqād Ahl al-Sunnah /</marc:subfield>
         <marc:subfield code="c">lil-ʻallāmah Abī al-ʻAbbās Sīdī Aḥmad al-Maqqarī al-Maghribī al-Mālikī.</marc:subfield>
      </marc:datafield>
      <marc:datafield tag="246" ind1="3" ind2="0">
         <marc:subfield code="6">880-04</marc:subfield>
         <marc:subfield code="a">Iḍāʼat al-dujunnah fī iʻtiqād Ahl al-Sunnah</marc:subfield>
      </marc:datafield>
      <marc:datafield tag="260" ind1=" " ind2=" ">
         <marc:subfield code="a">[Morocco :</marc:subfield>
         <marc:subfield code="b">s.n.,</marc:subfield>
         <marc:subfield code="c">190-?]</marc:subfield>
      </marc:datafield>
      <marc:datafield tag="300" ind1=" " ind2=" ">
         <marc:subfield code="a">8, 8, 8 p. ;</marc:subfield>
         <marc:subfield code="c">23 cm.</marc:subfield>
      </marc:datafield>
      <marc:datafield tag="590" ind1=" " ind2=" ">
         <marc:subfield code="a">Firestone copy 2 with: Zahr al-shamārīkh fī ʻilm al-tārīkh / taʼlīf Abū Zayd ʻAbd al-Raḥmān ibn ʻAbd al-Qādir al-Fāsī. [Morocco? : s.n., 19--?]. Bound together subsequent to publication.</marc:subfield>
      </marc:datafield>
      <marc:datafield tag="590" ind1=" " ind2=" ">
         <marc:subfield code="a">Firestone copy 2 with: Zahr al-shamārīkh fī ʻilm al-tārīkh / taʾlīf Abū Zayd ʻAbd al-Raḥmān ibn ʻAbd al-Qādir al-Fāsī. [Morocco? : s.n., 19--?]. Bound together subsequent to publication.</marc:subfield>
      </marc:datafield>
      <marc:datafield tag="650" ind1=" " ind2="0">
         <marc:subfield code="a">Islam</marc:subfield>
         <marc:subfield code="x">Doctrines</marc:subfield>
         <marc:subfield code="x">Early works to 1800.</marc:subfield>
      </marc:datafield>
      <marc:datafield tag="655" ind1=" " ind2="7">
         <marc:subfield code="a">Lithographs</marc:subfield>
         <marc:subfield code="z">Morocco</marc:subfield>
         <marc:subfield code="2">gmgpc</marc:subfield>
      </marc:datafield>
      <marc:datafield tag="880" ind1="1" ind2=" ">
         <marc:subfield code="6">100-01/r</marc:subfield>
         <marc:subfield code="a">مقري، احمد بن محمد،</marc:subfield>
         <marc:subfield code="d">d. 1631 or 2.</marc:subfield>
      </marc:datafield>
      <marc:datafield tag="880" ind1="1" ind2="0">
         <marc:subfield code="6">240-02/r</marc:subfield>
         <marc:subfield code="a">اضاءت الدجنة في اعتقاد اهل السنة</marc:subfield>
      </marc:datafield>
      <marc:datafield tag="880" ind1="1" ind2="0">
         <marc:subfield code="6">245-03/r</marc:subfield>
         <marc:subfield code="a">متن اضاءت الدجنة في اعتقاد اهل السنة /</marc:subfield>
         <marc:subfield code="c">للعلامة ابي العباس سيدي احمد المقري المغربي المالكي.</marc:subfield>
      </marc:datafield>
      <marc:datafield tag="880" ind1="3" ind2="0">
         <marc:subfield code="6">246-04/r</marc:subfield>
         <marc:subfield code="a">اضاءت الدجنة في اعتقاد اهل السنة</marc:subfield>
      </marc:datafield>
      <marc:datafield tag="998" ind1=" " ind2=" ">
         <marc:subfield code="a">06/18/97</marc:subfield>
         <marc:subfield code="s">9114</marc:subfield>
         <marc:subfield code="n">NjP</marc:subfield>
         <marc:subfield code="d">06/18/97</marc:subfield>
         <marc:subfield code="c">JEB</marc:subfield>
         <marc:subfield code="b">JEB</marc:subfield>
         <marc:subfield code="i">970618</marc:subfield>
         <marc:subfield code="l">NJPG</marc:subfield>
      </marc:datafield>
      <marc:datafield tag="911" ind1=" " ind2=" ">
         <marc:subfield code="a">19970626</marc:subfield>
      </marc:datafield>
      <marc:datafield tag="912" ind1=" " ind2=" ">
         <marc:subfield code="a">20000201040115.0</marc:subfield>
      </marc:datafield>
      <marc:datafield tag="994" ind1=" " ind2=" ">
         <marc:subfield code="a">C0</marc:subfield>
         <marc:subfield code="b">PUL</marc:subfield>
      </marc:datafield>
      <marc:datafield tag="999" ind1=" " ind2=" ">
         <marc:subfield code="a">1150185</marc:subfield>
      </marc:datafield>
   </marc:record>
</marc:collection>
